<collection xmlns="http://www.loc.gov/MARC21/slim">
<record>
  <leader>02330nam0a2200385 i 450 </leader>
  <controlfield tag="001">IT\ICCU\CNCE\009704</controlfield>
  <controlfield tag="005">20070913000000.0</controlfield>
  <datafield tag="012" ind1=" " ind2=" ">
    <subfield code="a">u.e- .bi- *.s. saea (3) 1587 (R)</subfield>
    <subfield code="2">fei</subfield>
  </datafield>
  <datafield tag="100" ind1=" " ind2=" ">
    <subfield code="a">19970101d1587        0itac0103    ba</subfield>
  </datafield>
  <datafield tag="101" ind1=" " ind2=" ">
    <subfield code="a">LAT</subfield>
  </datafield>
  <datafield tag="102" ind1=" " ind2=" ">
    <subfield code="a">IT</subfield>
  </datafield>
  <datafield tag="200" ind1="1" ind2=" ">
    <subfield code="a">Summa omnium conciliorum, a sancto Petro vsque ad Pium quartum pontificem, omnibus Sacrae Scripturae studiosis utilissima. Authore f. Bartholomaeo Carranza instituti s. Dominici, theologiae professore. Prouerb. 8. Qui agunt omnia cum consilio ... sapientia</subfield>
  </datafield>
  <datafield tag="210" ind1=" " ind2=" ">
    <subfield code="a">Venetiis</subfield>
    <subfield code="c">apud Damianum Zenarum</subfield>
    <subfield code="d">1587</subfield>
    <subfield code="e">Venetiis</subfield>
    <subfield code="g">apud haeredes Petri Dehuchini</subfield>
    <subfield code="h">1587</subfield>
  </datafield>
  <datafield tag="215" ind1=" " ind2=" ">
    <subfield code="a">\8!, 344 c.</subfield>
    <subfield code="d">8ʻ</subfield>
  </datafield>
  <datafield tag="620" ind1=" " ind2=" ">
    <subfield code="a">IT</subfield>
    <subfield code="d">Venezia</subfield>
  </datafield>
  <datafield tag="700" ind1=" " ind2="1">
    <subfield code="a">Carranza,</subfield>
    <subfield code="b"></subfield>
    <subfield code="3">IT\ICCU\CNCA\002682</subfield>
  </datafield>
  <datafield tag="712" ind1="0" ind2="0">
    <subfield code="a">Zenaro, Damiano</subfield>
    <subfield code="3">IT\ICCU\CNCT\000294</subfield>
    <subfield code="4">650</subfield>
  </datafield>
  <datafield tag="712" ind1="0" ind2="0">
    <subfield code="a">Deuchino, Pietro - eredi</subfield>
    <subfield code="3">IT\ICCU\CNCT\000661</subfield>
    <subfield code="4">650</subfield>
  </datafield>
  <datafield tag="790" ind1=" " ind2="1">
    <subfield code="a">Carranza de Miranda,</subfield>
    <subfield code="b"></subfield>
    <subfield code="3">IT\ICCU\CNCA\013198</subfield>
    <subfield code="z"></subfield>
  </datafield>
  <datafield tag="790" ind1=" " ind2="1">
    <subfield code="a">Carranza,</subfield>
    <subfield code="b">Bartolom ̈: de</subfield>
    <subfield code="3">IT\ICCU\CNCA\021365</subfield>
    <subfield code="z"></subfield>
  </datafield>
  <datafield tag="790" ind1=" " ind2="1">
    <subfield code="a">Miranda,</subfield>
    <subfield code="b">Bartholomaeus</subfield>
    <subfield code="c"> &lt;1503-1576&gt;</subfield>
    <subfield code="3">IT\ICCU\CNCA\028984</subfield>
    <subfield code="z"></subfield>
  </datafield>
  <datafield tag="791" ind1="0" ind2="2">
    <subfield code="a">℗al segno della ℗Salamandra</subfield>
    <subfield code="c"> &lt;1563-1600&gt;</subfield>
    <subfield code="3">IT\ICCU\CNCT\002327</subfield>
    <subfield code="z">Zenaro, Damiano</subfield>
  </datafield>
  <datafield tag="791" ind1="0" ind2="0">
    <subfield code="a">Genarus, Damianus</subfield>
    <subfield code="3">IT\ICCU\CNCT\002957</subfield>
    <subfield code="z">Zenaro, Damiano</subfield>
  </datafield>
  <datafield tag="791" ind1="0" ind2="0">
    <subfield code="a">Zenarus, Damianus</subfield>
    <subfield code="3">IT\ICCU\CNCT\005823</subfield>
    <subfield code="z">Zenaro, Damiano</subfield>
  </datafield>
  <datafield tag="791" ind1="0" ind2="0">
    <subfield code="a">Zenarius, Damianus</subfield>
    <subfield code="3">IT\ICCU\CNCT\005824</subfield>
    <subfield code="z">Zenaro, Damiano</subfield>
  </datafield>
  <datafield tag="801" ind1=" " ind2="3">
    <subfield code="a">IT</subfield>
    <subfield code="b">ICCU</subfield>
    <subfield code="c">20201113</subfield>
  </datafield>
  <datafield tag="899" ind1=" " ind2=" ">
    <subfield code="a">Biblioteca capitolare. San Giovanni in Persiceto</subfield>
    <subfield code="1">BO0221</subfield>
    <subfield code="2">UBO FD</subfield>
  </datafield>
  <datafield tag="899" ind1=" " ind2=" ">
    <subfield code="a">Biblioteca civica Berio. Genova</subfield>
    <subfield code="1">GE0036</subfield>
    <subfield code="2">SGE BE</subfield>
  </datafield>
  <datafield tag="899" ind1=" " ind2=" ">
    <subfield code="a">Biblioteca provinciale dei frati minori cappuccini Madonna di Pompei. Messina</subfield>
    <subfield code="1">ME0179</subfield>
    <subfield code="2">MES FC</subfield>
  </datafield>
  <datafield tag="899" ind1=" " ind2=" ">
    <subfield code="a">Biblioteca universitaria. Napoli</subfield>
    <subfield code="1">NA0070</subfield>
    <subfield code="2">NAP BU</subfield>
  </datafield>
  <datafield tag="899" ind1=" " ind2=" ">
    <subfield code="a">Biblioteca capitolare Fabroniana. Pistoia</subfield>
    <subfield code="1">PT0026</subfield>
    <subfield code="2">RT1 LB</subfield>
  </datafield>
  <datafield tag="899" ind1=" " ind2=" ">
    <subfield code="a">Biblioteca comunale Canonico Aniello Avallone. Cava dei Tirreni</subfield>
    <subfield code="1">SA0091</subfield>
    <subfield code="2">CAM S8</subfield>
  </datafield>
  <datafield tag="899" ind1=" " ind2=" ">
    <subfield code="a">Fondazione Biblioteca S. Bernardino. Trento</subfield>
    <subfield code="1">TN0122</subfield>
    <subfield code="2">ZTN 18</subfield>
  </datafield>
  <datafield tag="911" ind1=" " ind2=" ">
    <subfield code="a">Nel coloph.</subfield>
    <subfield code="9">IT\ICCU\CNCM\000453</subfield>
  </datafield>
  <datafield tag="921" ind1=" " ind2=" ">
    <subfield code="a">IT\ICCU\CNCM\000453</subfield>
    <subfield code="b">Due ancore unite da nastro. In alto, in ovale inserito nella cornice, tre gigli.</subfield>
    <subfield code="e">1) His sufulta; 2) Sic inclita virtus.</subfield>
    <subfield code="c">Z69</subfield>
    <subfield code="d">Dimensioni: 2,5 x 3,1</subfield>
    <subfield code="f">ANCORA</subfield>
    <subfield code="f">GIGLIO</subfield>
    <subfield code="f">HISSUFULTA</subfield>
    <subfield code="f">NASTRO</subfield>
    <subfield code="f">SICINCLITA</subfield>
    <subfield code="g">1581-1600</subfield>
  </datafield>
</record>
</collection>
